{
  "leader": "02790cam a2200421 a 4500",
  "fields": [
    {
      "001": "ocm32894014\\"
    },
    {
      "003": "OCoLC"
    },
    {
      "005": "20221208161413.0"
    },
    {
      "008": "950717s1996\\\\\\\\nyuab\\\\\\\\\\\\\\\\\\000\\0\\eng\\\\"
    },
    {
      "010": {
        "ind1": "\\",
        "ind2": "\\",
        "subfields": [
          {
            "a": "   95024698 "
          }
        ]
      }
    },
    {
      "040": {
        "ind1": "\\",
        "ind2": "\\",
        "subfields": [
          {
            "a": "DLC"
          },
          {
            "b": "eng"
          },
          {
            "c": "DLC"
          },
          {
            "d": "OCL"
          },
          {
            "d": "BTCTA"
          },
          {
            "d": "YDXCP"
          },
          {
            "d": "BAKER"
          },
          {
            "d": "UMC"
          },
          {
            "d": "OCLCF"
          },
          {
            "d": "OCLCQ"
          },
          {
            "d": "JDP"
          },
          {
            "d": "OCLCO"
          }
        ]
      }
    },
    {
      "020": {
        "ind1": "\\",
        "ind2": "\\",
        "subfields": [
          {
            "a": "0810926431"
          },
          {
            "q": "(pbk.)"
          }
        ]
      }
    },
    {
      "020": {
        "ind1": "\\",
        "ind2": "\\",
        "subfields": [
          {
            "a": "9780810926431"
          },
          {
            "q": "(pbk.)"
          }
        ]
      }
    },
    {
      "035": {
        "ind1": "\\",
        "ind2": "\\",
        "subfields": [
          {
            "a": "(OCoLC)32894014"
          }
        ]
      }
    },
    {
      "043": {
        "ind1": "\\",
        "ind2": "\\",
        "subfields": [
          {
            "a": "n-us-ny"
          },
          {
            "a": "n-us-nj"
          }
        ]
      }
    },
    {
      "050": {
        "ind1": "\\",
        "ind2": "4",
        "subfields": [
          {
            "a": "SB466.U65"
          },
          {
            "b": "T36 1996"
          }
        ]
      }
    },
    {
      "082": {
        "ind1": "0",
        "ind2": "0",
        "subfields": [
          {
            "a": "712.09794"
          },
          {
            "b": "TAN"
          }
        ]
      }
    },
    {
      "100": {
        "ind1": "1",
        "ind2": "\\",
        "subfields": [
          {
            "a": "Tanner, Ogden."
          }
        ]
      }
    },
    {
      "245": {
        "ind1": "1",
        "ind2": "0",
        "subfields": [
          {
            "a": "Gardens of the Hudson River Valley :"
          },
          {
            "b": "an illustrated guide /"
          },
          {
            "c": "text by Ogden Tanner ; photographs by Ted Spiegel."
          }
        ]
      }
    },
    {
      "260": {
        "ind1": "\\",
        "ind2": "\\",
        "subfields": [
          {
            "a": "New York :"
          },
          {
            "b": "H.N. Abrams in association with Friends of the Hudson Valley,"
          },
          {
            "c": "1996."
          }
        ]
      }
    },
    {
      "300": {
        "ind1": "\\",
        "ind2": "\\",
        "subfields": [
          {
            "a": "120 pages :"
          },
          {
            "b": "color illustrations, folded map ;"
          },
          {
            "c": "23 cm"
          }
        ]
      }
    },
    {
      "336": {
        "ind1": "\\",
        "ind2": "\\",
        "subfields": [
          {
            "a": "text"
          },
          {
            "b": "txt"
          },
          {
            "2": "rdacontent"
          }
        ]
      }
    },
    {
      "337": {
        "ind1": "\\",
        "ind2": "\\",
        "subfields": [
          {
            "a": "unmediated"
          },
          {
            "b": "n"
          },
          {
            "2": "rdamedia"
          }
        ]
      }
    },
    {
      "338": {
        "ind1": "\\",
        "ind2": "\\",
        "subfields": [
          {
            "a": "volume"
          },
          {
            "b": "nc"
          },
          {
            "2": "rdacarrier"
          }
        ]
      }
    },
    {
      "505": {
        "ind1": "0",
        "ind2": "\\",
        "subfields": [
          {
            "a": "New York City and environs -- The Conservatory Garden, Central Park -- The Cloisters, Fort Tryon Park -- The New York Botanical Garden, Bronx -- Wave Hill, Bronx -- Lower Hudson east -- The Donald M. Kendall Sculpture Gardens at PepsiCo, Purchase -- Sunnyside, Tarrytown -- Lyndhurst, Tarrytown -- Philipsburg Manor, North Tarrytown -- Kykuit, Pocantico Hills -- Van Cortlandt Manor, Croton-on-Hudson -- Caramoor, Katonah -- Manitoga, Garrison -- Boscobel Restoration, Garrison -- Mid-Hudson east -- Locust Grove, Poughkeepsie -- Vassar Arboretum, Poughkeepsie -- Roosevelt Homes: Springwood and Val-Kill, Hyde Park -- Vanderbilt Mansion, Hyde Park -- Innisfree, Millbrook -- Mary Flagler Cary Arboretum, Millbrook -- Wethersfield, Amenia -- Montgomery Place, Annandale-on-Hudson -- Clermont, Germantown -- Olana, Hudson -- Hudson west -- Skylands Botanical Garden, Ringwood, N.J. -- Storm King Art Center, Mountainville -- Mohonk Mountain House, New Paltz -- Opus 40, Saugerties -- Mountain Top Arboretum, Tannersville -- Washington Park, Albany -- Empire State Plaza, Albany -- Academy Park, Albany."
          }
        ]
      }
    },
    {
      "650": {
        "ind1": "\\",
        "ind2": "0",
        "subfields": [
          {
            "a": "Gardens"
          },
          {
            "z": "Hudson River Valley (N.Y. and N.J.)"
          },
          {
            "v": "Guidebooks."
          }
        ]
      }
    },
    {
      "651": {
        "ind1": "\\",
        "ind2": "0",
        "subfields": [
          {
            "a": "Hudson River Valley (N.Y. and N.J.)"
          },
          {
            "v": "Guidebooks."
          }
        ]
      }
    },
    {
      "650": {
        "ind1": "\\",
        "ind2": "7",
        "subfields": [
          {
            "a": "Gardens."
          },
          {
            "2": "fast"
          },
          {
            "0": "(OCoLC)fst00937895"
          }
        ]
      }
    },
    {
      "651": {
        "ind1": "\\",
        "ind2": "7",
        "subfields": [
          {
            "a": "United States"
          },
          {
            "z": "Hudson River Valley."
          },
          {
            "2": "fast"
          },
          {
            "0": "(OCoLC)fst01311280"
          }
        ]
      }
    },
    {
      "655": {
        "ind1": "\\",
        "ind2": "2",
        "subfields": [
          {
            "a": "Guidebook"
          }
        ]
      }
    },
    {
      "655": {
        "ind1": "\\",
        "ind2": "7",
        "subfields": [
          {
            "a": "Guidebooks."
          },
          {
            "2": "fast"
          },
          {
            "0": "(OCoLC)fst01423871"
          }
        ]
      }
    },
    {
      "655": {
        "ind1": "\\",
        "ind2": "7",
        "subfields": [
          {
            "a": "Guidebooks."
          },
          {
            "2": "lcgft"
          }
        ]
      }
    },
    {
      "700": {
        "ind1": "1",
        "ind2": "\\",
        "subfields": [
          {
            "a": "Spiegel, Ted."
          }
        ]
      }
    },
    {
      "776": {
        "ind1": "0",
        "ind2": "8",
        "subfields": [
          {
            "i": "Online version:"
          },
          {
            "a": "Tanner, Ogden."
          },
          {
            "t": "Gardens of the Hudson River Valley."
          },
          {
            "d": "New York : H.N. Abrams in association with Friends of the Hudson Valley, 1996"
          },
          {
            "w": "(OCoLC)758713164"
          }
        ]
      }
    },
    {
      "994": {
        "ind1": "\\",
        "ind2": "\\",
        "subfields": [
          {
            "a": "Z0"
          },
          {
            "b": "NYRVC"
          }
        ]
      }
    },
    {
      "948": {
        "ind1": "\\",
        "ind2": "\\",
        "subfields": [
          {
            "h": "NO HOLDINGS IN NYRVC - 84 OTHER HOLDINGS"
          }
        ]
      }
    },
    {
      "999": {
        "ind1": "\\",
        "ind2": "\\",
        "subfields": [
          {
            "a": "00000000011136"
          },
          {
            "b": "Copy 1"
          }
        ]
      }
    },
    {
      "999": {
        "ind1": "\\",
        "ind2": "\\",
        "subfields": [
          {
            "a": "00000000011148"
          },
          {
            "b": "Copy 2"
          }
        ]
      }
    }
  ]
}